<record><leader>00000cas a22000007a 4500</leader><controlfield tag="001">13460678</controlfield><controlfield tag="008">860421d191u1920wiuwr ne      0    0ger d</controlfield><datafield ind1=" " ind2=" " tag="010"><subfield code="a">sn 86086182 </subfield></datafield><datafield ind1=" " ind2=" " tag="040"><subfield code="a">NPV</subfield><subfield code="b">eng</subfield><subfield code="c">NPV</subfield><subfield code="d">OCL</subfield><subfield code="d">OCLCQ</subfield></datafield><datafield ind1="0" ind2=" " tag="041"><subfield code="a">ger</subfield><subfield code="a">eng</subfield></datafield><datafield ind1=" " ind2=" " tag="042"><subfield code="a">msc</subfield></datafield><datafield ind1=" " ind2=" " tag="043"><subfield code="a">n-us-mn</subfield></datafield><datafield ind1=" " ind2=" " tag="045"><subfield code="a">x1x2</subfield></datafield><datafield ind1=" " ind2=" " tag="052"><subfield code="a">4123</subfield><subfield code="b">M3</subfield></datafield><datafield ind1="0" ind2="0" tag="245"><subfield code="a">Wausau wochenblatt und pionier.</subfield></datafield><datafield ind1="1" ind2="3" tag="246"><subfield code="a">Wausau wochenblatt</subfield></datafield><datafield ind1=" " ind2=" " tag="260"><subfield code="a">Wausau, Wis. :</subfield><subfield code="b">H. Heise,</subfield><subfield code="c">-1920.</subfield></datafield><datafield ind1=" " ind2=" " tag="300"><subfield code="a">volumes</subfield></datafield><datafield ind1=" " ind2=" " tag="310"><subfield code="a">Weekly</subfield></datafield><datafield ind1=" " ind2=" " tag="336"><subfield code="a">text</subfield><subfield code="b">txt</subfield><subfield code="2">rdacontent</subfield></datafield><datafield ind1=" " ind2=" " tag="337"><subfield code="a">unmediated</subfield><subfield code="b">n</subfield><subfield code="2">rdamedia</subfield></datafield><datafield ind1=" " ind2=" " tag="338"><subfield code="a">volume</subfield><subfield code="b">nc</subfield><subfield code="2">rdacarrier</subfield></datafield><datafield ind1="0" ind2=" " tag="362"><subfield code="a">-jahrg. 49, no. 41 (15 Oct., 1920).</subfield></datafield><datafield ind1=" " ind2=" " tag="500"><subfield code="a">Publisher varies.</subfield></datafield><datafield ind1=" " ind2=" " tag="500"><subfield code="a">Added masthead: Westlicher herold, Jahrgang 40, no. 2 (Dec. 23, 1919)--jahrg. 40, no. 3 (Dec. 30, 1919).</subfield></datafield><datafield ind1=" " ind2=" " tag="500"><subfield code="a">Also published at Winona, Minn. ; Jahrgang 48, no. 13 (13 March, 1919)--jahrg. 49, no. 41 (15 Oct., 1920).</subfield></datafield><datafield ind1=" " ind2=" " tag="530"><subfield code="a">Available on microfilm from The State Historical Society of Wisconsin.</subfield></datafield><datafield ind1=" " ind2=" " tag="546"><subfield code="a">In German with some columns in English.</subfield></datafield><datafield ind1=" " ind2=" " tag="588"><subfield code="a">Description based on: Jahrg. 46, no. 14 (6 April, 1917).</subfield></datafield><datafield ind1=" " ind2=" " tag="752"><subfield code="a">United States</subfield><subfield code="b">Wisconsin</subfield><subfield code="c">Marathon</subfield><subfield code="d">Wausau.</subfield></datafield><datafield ind1=" " ind2=" " tag="752"><subfield code="a">United States</subfield><subfield code="b">Wisconsin</subfield><subfield code="c">Winona</subfield><subfield code="d">Winona.</subfield></datafield><datafield ind1="0" ind2="0" tag="785"><subfield code="t">Wisconsin wochenblatt (Eau Claire-Wausau-Neillsville ed. : 1920)</subfield></datafield><datafield ind1="1" ind2=" " tag="029"><subfield code="a">AU@</subfield><subfield code="b">000023482774</subfield></datafield></record>